@article{Schrieffer_1966, title={Relation between the Anderson and Kondo Hamiltonians}, volume={149}, ISSN={0031-899X}, url={http://dx.doi.org/10.1103/PhysRev.149.491}, DOI={10.1103/physrev.149.491}, number={2}, journal={Physical Review}, publisher={American Physical Society (APS)}, author={Schrieffer, J. R. and Wolff, P. A.}, year={1966}, month=sep, pages={491–492} }
@article{Bravyi_2011, title={Schrieffer–Wolff transformation for quantum many-body systems}, volume={326}, ISSN={0003-4916}, url={http://dx.doi.org/10.1016/j.aop.2011.06.004}, DOI={10.1016/j.aop.2011.06.004}, number={10}, journal={Annals of Physics}, publisher={Elsevier BV}, author={Bravyi, Sergey and DiVincenzo, David P. and Loss, Daniel}, year={2011}, month=oct, pages={2793–2826} }
@article{White_1950, title={Simple Variable Space Infra-Red Absorption Cell}, volume={21}, ISSN={1089-7623}, url={http://dx.doi.org/10.1063/1.1745671}, DOI={10.1063/1.1745671}, number={7}, journal={Review of Scientific Instruments}, publisher={AIP Publishing}, author={White, John U.}, year={1950}, month=jul, pages={629–630} }
@article{McCann_2013, title={The electronic properties of bilayer graphene}, volume={76}, ISSN={1361-6633}, url={http://dx.doi.org/10.1088/0034-4885/76/5/056503}, DOI={10.1088/0034-4885/76/5/056503}, number={5}, journal={Reports on Progress in Physics}, publisher={IOP Publishing}, author={McCann, Edward and Koshino, Mikito}, year={2013}, month=apr, pages={056503} }
@article{Meurer_2017, title={SymPy: symbolic computing in Python}, volume={3}, ISSN={2376-5992}, url={http://dx.doi.org/10.7717/peerj-cs.103}, DOI={10.7717/peerj-cs.103}, journal={PeerJ Computer Science}, publisher={PeerJ}, author={Meurer, Aaron and Smith, Christopher P. and Paprocki, Mateusz and Čertík, Ondřej and Kirpichev, Sergey B. and Rocklin, Matthew and Kumar, AMiT and Ivanov, Sergiu and Moore, Jason K. and Singh, Sartaj and Rathnayake, Thilina and Vig, Sean and Granger, Brian E. and Muller, Richard P. and Bonazzi, Francesco and Gupta, Harsh and Vats, Shivam and Johansson, Fredrik and Pedregosa, Fabian and Curry, Matthew J. and Terrel, Andy R. and Roučka, Štěpán and Saboo, Ashutosh and Fernando, Isuru and Kulal, Sumith and Cimrman, Robert and Scopatz, Anthony}, year={2017}, month=jan, pages={e103} }
@article{Groth_2014, title={Kwant: a software package for quantum transport}, volume={16}, ISSN={1367-2630}, url={http://dx.doi.org/10.1088/1367-2630/16/6/063065}, DOI={10.1088/1367-2630/16/6/063065}, number={6}, journal={New Journal of Physics}, publisher={IOP Publishing}, author={Groth, Christoph W and Wimmer, Michael and Akhmerov, Anton R and Waintal, Xavier}, year={2014}, month=jun, pages={063065} }
@article{Shavitt_1980, title={Quasidegenerate perturbation theories. A canonical van Vleck formalism and its relationship to other approaches}, volume={73}, ISSN={1089-7690}, url={http://dx.doi.org/10.1063/1.440050}, DOI={10.1063/1.440050}, number={11}, journal={The Journal of Chemical Physics}, publisher={AIP Publishing}, author={Shavitt, Isaiah and Redmon, Lynn T.}, year={1980}, month=dec, pages={5711–5717} }
@article{Van_Vleck_1929, title={On<mml:math xmlns:mml="http://www.w3.org/1998/Math/MathML" display="inline"><mml:mi>σ</mml:mi></mml:math>-Type Doubling and Electron Spin in the Spectra of Diatomic Molecules}, volume={33}, ISSN={0031-899X}, url={http://dx.doi.org/10.1103/PhysRev.33.467}, DOI={10.1103/physrev.33.467}, number={4}, journal={Physical Review}, publisher={American Physical Society (APS)}, author={Van Vleck, J. H.}, year={1929}, month=apr, pages={467–506} }
@article{L_wdin_1962, title={Studies in Perturbation Theory. IV. Solution of Eigenvalue Problem by Projection Operator Formalism}, volume={3}, ISSN={1089-7658}, url={http://dx.doi.org/10.1063/1.1724312}, DOI={10.1063/1.1724312}, number={5}, journal={Journal of Mathematical Physics}, publisher={AIP Publishing}, author={Löwdin, Per-Olov}, year={1962}, month=sep, pages={969–982} }
@article{Suzuki_1983, title={Degenerate Perturbation Theory in Quantum Mechanics}, volume={70}, ISSN={1347-4081}, url={http://dx.doi.org/10.1143/PTP.70.439}, DOI={10.1143/ptp.70.439}, number={2}, journal={Progress of Theoretical Physics}, publisher={Oxford University Press (OUP)}, author={Suzuki, K. and Okamoto, R.}, year={1983}, month=aug, pages={439–451} }
@article{Li_2022, title={Nonperturbative Analytical Diagonalization of Hamiltonians with Application to Circuit QED}, volume={3}, ISSN={2691-3399}, url={http://dx.doi.org/10.1103/PRXQuantum.3.030313}, DOI={10.1103/prxquantum.3.030313}, number={3}, journal={PRX Quantum}, publisher={American Physical Society (APS)}, author={Li, Boxi and Calarco, Tommaso and Motzoi, Felix}, year={2022}, month=jul }
@misc{https://doi.org/10.48550/arxiv.1909.09649,
  doi = {10.48550/ARXIV.1909.09649},
  url = {https://arxiv.org/abs/1909.09649},
  author = {Irfan, Muhammad and Kuppuswamy, Sathish R. and Varjas, Daniel and Perez-Piskunow, Pablo M. and Skolasinski, Rafal and Wimmer, Michael and Akhmerov, Anton R.},
  keywords = {Mesoscale and Nanoscale Physics (cond-mat.mes-hall), FOS: Physical sciences, FOS: Physical sciences},
  title = {Hybrid kernel polynomial method},
  publisher = {arXiv},
  year = {2019},
  copyright = {arXiv.org perpetual, non-exclusive license}
}
@article{Amestoy_2001, title={A Fully Asynchronous Multifrontal Solver Using Distributed Dynamic Scheduling}, volume={23}, ISSN={1095-7162}, url={http://dx.doi.org/10.1137/S0895479899358194}, DOI={10.1137/s0895479899358194}, number={1}, journal={SIAM Journal on Matrix Analysis and Applications}, publisher={Society for Industrial & Applied Mathematics (SIAM)}, author={Amestoy, Patrick R. and Duff, Iain S. and L’Excellent, Jean-Yves and Koster, Jacko}, year={2001}, month=jan, pages={15–41} }
@article{Amestoy_2006, title={Hybrid scheduling for the parallel solution of linear systems}, volume={32}, ISSN={0167-8191}, url={http://dx.doi.org/10.1016/j.parco.2005.07.004}, DOI={10.1016/j.parco.2005.07.004}, number={2}, journal={Parallel Computing}, publisher={Elsevier BV}, author={Amestoy, Patrick R. and Guermouche, Abdou and L’Excellent, Jean-Yves and Pralet, Stéphane}, year={2006}, month=feb, pages={136–156} }
@article{Wei_e_2006, title={The kernel polynomial method}, volume={78}, ISSN={1539-0756}, url={http://dx.doi.org/10.1103/RevModPhys.78.275}, DOI={10.1103/revmodphys.78.275}, number={1}, journal={Reviews of Modern Physics}, publisher={American Physical Society (APS)}, author={Weiße, Alexander and Wellein, Gerhard and Alvermann, Andreas and Fehske, Holger}, year={2006}, month=mar, pages={275–306} }
